<?xml version="1.0" encoding="UTF-8"?><collection xmlns="http://www.loc.gov/MARC21/slim"><record><leader>00535nam--2200169-i-4500</leader><controlfield tag="001">000047778</controlfield><controlfield tag="002">20161230</controlfield><controlfield tag="005">20161230201046</controlfield><controlfield tag="008">060222s1000------------r-----000-0-eng-d</controlfield><datafield ind1=" " ind2=" " tag="040"><subfield code="a">IFIN-HH</subfield></datafield><datafield ind1=" " ind2=" " tag="080"><subfield code="a">539.2</subfield></datafield><datafield ind1="1" ind2=" " tag="100"><subfield code="a">Yedinak, Peter Demerton</subfield></datafield><datafield ind1="1" ind2="0" tag="245"><subfield code="a">Effects of lang range forces on the frequency spectrum of a three-dimensional crystal</subfield><subfield code="b">Disertation</subfield><subfield code="c">Peter demerton yedinak</subfield></datafield><datafield ind1=" " ind2=" " tag="260"><subfield code="a">Ann Arbor, Michigan</subfield><subfield code="b">University Microfilms, Inc</subfield><subfield code="c">1968</subfield></datafield><datafield ind1=" " ind2=" " tag="300"><subfield code="a">VII+69P</subfield></datafield><datafield ind1=" " ind2=" " tag="852"><subfield code="a">32426</subfield><subfield code="c">539.2</subfield></datafield><datafield ind1=" " ind2=" " tag="CAT"><subfield code="a">Sys</subfield><subfield code="c">20121017</subfield><subfield code="h">142916</subfield></datafield></record></collection>